@article{jqingyuan2019,
    author={唐青原 and 王晓磊},
    title={一种适用于火星气动捕获的自适应预测制导算法},
    journal={空间控制技术与应用},
    year={2019},
    volume={45},
    number={2},
    pages={18-27,34},
    month={1},
}

@thesis{dqingyuan2019,
    author={唐青原},
    title={火星气动捕获的自主轨道确定与控制},
    school={中国空间技术研究院},
    year={2019},
    type={博士论文},
    month={06},
}

@digital{olzhn2021,
    author={张航宁},
    title={模块式微分方程数值求解器框架simucpp},
    url={https://blog.csdn.net/qq_34288751/category_11453352.html},
    type={OL},
    date={2021},
}

@book{mruiter2012,
    title={Spacecraft Dynamics and Control: An Introduction},
    author={De Ruiter, Anton H and Damaren, Christopher and Forbes, James R},
    year={2012},
    publisher={John Wiley \& Sons}
}

@book{msmart1977,
    title={Textbook on Spherical Astronomy},
    author={Smart, W. M. and Green, Robin Michael},
    year={1977},
    publisher={Cambridge University Press}
}

@inproceedings{jyunfeng2002,
    author={高云峰 and 李俊峰},
    title={卫星编队飞行中C-W和Hill方程的区别},
    booktitle={全国第十届空间及运动体控制技术学术会议论文集},
    year={2002},
    pages={193-197},
    address={湖南},
    month={},
    organization={},
}
